<?xml version="1.0" encoding="UTF-8"?><collection xmlns="http://www.loc.gov/MARC21/slim"><record><leader>00401nam--2200121-i-4500</leader><controlfield tag="001">000016341</controlfield><controlfield tag="002">20161230</controlfield><controlfield tag="005">20161230201031</controlfield><controlfield tag="008">060222s1000------------r-----000-0-eng-d</controlfield><datafield ind1=" " ind2=" " tag="100"><subfield code="a">Goulpeau,Louis</subfield></datafield><datafield ind1=" " ind2=" " tag="245"><subfield code="a">Resaxation des parois de domaines antiferro electrques champ agissant et energie d activa tion application au zirocante de plomb.these</subfield></datafield><datafield ind1=" " ind2=" " tag="260"><subfield code="a">Rennes,Universite,/1972/. 108 P</subfield></datafield><datafield ind1=" " ind2=" " tag="852"><subfield code="a">78074</subfield></datafield></record></collection>